@misc{android_version,
 	author			=   {{Android version history}}, 
 	title     		=   {{Android version history}},
    howpublished 	= 	{\url{https://en.wikipedia.org/wiki/Android_version_history
}},
@inproceedings{DBLP:conf/comsnets/TerkkiRT17,
	author          = {Eeva Terkki and Ashwin Rao and Sasu Tarkoma},
	title           = {{Spying on {Android} users through targeted ads}},
	booktitle       = {Proceedings of the 9th International Conference on Communication Systems and Networks},
	 series         = {COMSNETS'17},
	pages           = {87--94},
	year            = {2017}
}